@online{ota_docs,
    author = "Espressif Systems",
    title = "Over The Air Updates (OTA)",
    url  = "https://docs.espressif.com/projects/esp-idf/en/stable/esp32/api-reference/system/ota.html",
    addendum = "(accessed: 20.10.2025)",
}

@online{ota_examples,
    author = "Espressif Systems",
    title = "Over The Air Examples",
    url  = "https://github.com/espressif/esp-idf/tree/master/examples/system/ota",
    addendum = "(accessed: 20.10.2025)",
}
